@misc{jlink,
  url   = {https: // www. segger .com /products /debug- probes /j -
           link/models/j-link-lite/overview/.},
  title = {Jlink debuggers}
}
@misc{pythondocs,
  url   = {https://docs.python.org/3.9/},
  title = {Python docs}
}
@misc{pytest,
  url   = {https://docs.pytest.org/en/7.1.x/contents.html},
  title = {Python test scripts}
}
@inproceedings{ref32,
  author    = {Lee, Minkyu and Lee, Jaesik and Lee, Inseop and Lee, Joonghui and Chon, Andrew},
  booktitle = {2013 World Electric Vehicle Symposium and Exhibition (EVS27)},
  title     = {Wireless battery management system},
  year      = {2013},
  volume    = {},
  number    = {},
  pages     = {1-5},
  doi       = {10.1109/EVS.2013.6914889}
}
@inproceedings{ref33,
  author    = {Xie, Wei and Jiang, Yikun and Tang, Yong and Ding, Ning and Gao, Yuanming},
  booktitle = {2017 IEEE 23rd International Conference on Parallel and Distributed Systems (ICPADS)},
  title     = {Vulnerability Detection in IoT Firmware: A Survey},
  year      = {2017},
  volume    = {},
  number    = {},
  pages     = {769-772},
  doi       = {10.1109/ICPADS.2017.00104}
}
@inproceedings{ref34,
  author    = {Shuaishuai, Yang and Zhengwei, Yu and Bin, Liu and Yunfeng, Lu and Zhijie, Gao},
  booktitle = {2017 12th International Conference on Computer Science and Education (ICCSE)},
  title     = {An automatic testing framework for embedded software},
  year      = {2017},
  volume    = {},
  number    = {},
  pages     = {269-274},
  doi       = {10.1109/ICCSE.2017.8085501}
}
@misc{pytest-html,
  url   = {https://pypi.org/project/pytest-html/},
  title = {pytest-html}
}
@misc{htmlreport,
  title = {Sample pytest HTML report},
  url   = {https://blog.testproject.io/2019/07/16/create-pytest-html-test-reports/}
}
@misc{jenkins,
  url   = {https://www.jenkins.io/},
  title = {Automation of testing: (CI/CD Pipeline)}
}
@misc{sdp,
  title = {SDP-K1},
  url   = {https://www.analog.com/en/design-center/evaluation-hardware-and-software/evaluation-boards-kits/sdp-k1.html}
}
@misc{6817,
  title = {ADBMS6817 public reference},
  url   = {https://www.analog.com/en/products/adbms6817.html}
}
@misc{bb,
  title = {Bitbucket},
  url   = {https://bitbucket.org/product}
}
@misc{jira,
  title = {Jira},
  url   = {https://www.atlassian.com/software/jira}
}
@misc{conf,
  title = {Confluence},
  url   = {https://www.atlassian.com/software/confluence}
}